<record><leader>00000cas a22000007a 4500</leader><controlfield tag="001">23987635</controlfield><controlfield tag="008">910625d19081909njudr ne      0    0eng d</controlfield><datafield ind1=" " ind2=" " tag="010"><subfield code="a">sn 91064009 </subfield></datafield><datafield ind1=" " ind2=" " tag="040"><subfield code="a">NJW</subfield><subfield code="b">eng</subfield><subfield code="c">NJW</subfield><subfield code="d">OCL</subfield><subfield code="d">OCLCQ</subfield></datafield><datafield ind1="0" ind2=" " tag="130"><subfield code="a">Star and Newark advertiser (Evening ed.)</subfield></datafield><datafield ind1="1" ind2="4" tag="245"><subfield code="a">The star and Newark advertiser.</subfield></datafield><datafield ind1="1" ind2="3" tag="246"><subfield code="a">Evening star and Newark advertiser</subfield><subfield code="f">Feb. 3, 1908-Apr. 2, 1909</subfield></datafield><datafield ind1="1" ind2="7" tag="246"><subfield code="a">Evening star</subfield><subfield code="f">Feb. 3, 1908-Apr. 2, 1909</subfield></datafield><datafield ind1=" " ind2=" " tag="250"><subfield code="a">Evening ed.</subfield></datafield><datafield ind1=" " ind2=" " tag="260"><subfield code="a">Newark, N.J. :</subfield><subfield code="b">Newark Daily Pub. Co.</subfield></datafield><datafield ind1=" " ind2=" " tag="300"><subfield code="a">v.</subfield></datafield><datafield ind1=" " ind2=" " tag="310"><subfield code="a">Daily</subfield></datafield><datafield ind1="0" ind2=" " tag="362"><subfield code="a">Vol. 77, no. 28 (Feb. 3, 1908)-v. 78, no. 77 (Apr. 2, 1909).</subfield></datafield><datafield ind1=" " ind2=" " tag="500"><subfield code="a">"Evening Edition" appears with masthead ornament.</subfield></datafield><datafield ind1=" " ind2=" " tag="752"><subfield code="a">United States</subfield><subfield code="b">New Jersey</subfield><subfield code="c">Essex</subfield><subfield code="d">Newark.</subfield></datafield><datafield ind1="0" ind2="0" tag="780"><subfield code="t">Evening star and Newark advertiser</subfield><subfield code="w">(DLC)sn 84020504</subfield><subfield code="w">(OCoLC)10944054</subfield></datafield><datafield ind1="0" ind2="0" tag="785"><subfield code="t">Newark star and Newark advertiser</subfield><subfield code="w">(DLC)sn 91064010</subfield></datafield></record>